<?xml version="1.0" encoding="UTF-8"?><collection xmlns="http://www.loc.gov/MARC21/slim"><record><leader>00445nam--2200133-i-4500</leader><controlfield tag="001">000048076</controlfield><controlfield tag="002">20161230</controlfield><controlfield tag="005">20161230201046</controlfield><controlfield tag="008">060222s1000------------r-----000-0-eng-d</controlfield><datafield ind1=" " ind2=" " tag="080"><subfield code="a">581.325:539.1(043)</subfield></datafield><datafield ind1=" " ind2=" " tag="100"><subfield code="a">Khin, Vanchhan</subfield></datafield><datafield ind1=" " ind2=" " tag="245"><subfield code="a">Contribution a la reduction de la distorsion de la distribution en temps des phenomenes d`origine nucleaire. these</subfield></datafield><datafield ind1=" " ind2=" " tag="260"><subfield code="a">Paris, Orsay, L`Univ.De Paris-sud Centre D`Orsay, 1976, 121p</subfield></datafield><datafield ind1=" " ind2=" " tag="852"><subfield code="a">44187</subfield></datafield></record></collection>